%!TEX root = ../report.tex
% -*- coding: utf-8 -*-
@article{berger1984adaptive,
  title={Adaptive mesh refinement for hyperbolic partial differential equations},
  author={Berger, Marsha J and Oliger, Joseph},
  journal={Journal of computational Physics},
  volume={53},
  number={3},
  pages={484--512},
  year={1984},
  publisher={Elsevier}
}
@article{berger1989local,
  title={Local adaptive mesh refinement for shock hydrodynamics},
  author={Berger, Marsha J and Colella, Phillip},
  journal={Journal of computational Physics},
  volume={82},
  number={1},
  pages={64--84},
  year={1989},
  publisher={Elsevier}
}
@article{BergerLeVeque98,
  Author = {M. J. Berger and R. J. LeVeque},
  Journal = {SIAM J. Numer. Anal.},
  Pages = {2298--2316},
  Title = {Adaptive Mesh Refinement using Wave-Propagation Algorithms for Hyperbolic Systems},
  Volume = {35},
  Year = {1998}
}
@article{chertockwell,
  title={Well-Balanced Schemes for the Shallow Water Equations with Coriolis Forces},
  author={Chertock, Alina and Dudzinski, Michael and Kurganov, Alexander and Luk{\'a}cov{\'a}-Medvid’ov{\'a}, M{\'a}ria},
  year={submitted 2014}
}
@article{dellar2005shallow,
  title={Shallow water equations with a complete Coriolis force and topography},
  author={Dellar, Paul J and Salmon, Rick},
  journal={Physics of Fluids (1994-present)},
  volume={17},
  number={10},
  pages={106601},
  year={2005},
  publisher={AIP Publishing}
}
@article{godunov1959difference,
  title={A difference method for numerical calculation of discontinuous solutions of the equations of hydrodynamics},
  author={Godunov, Sergei Konstantinovich},
  journal={Matematicheskii Sbornik},
  volume={89},
  number={3},
  pages={271--306},
  year={1959},
  publisher={Russian Academy of Sciences, Branch of Mathematical Sciences}
}
@book{leveque1992numerical,
  title={Numerical methods for conservation laws},
  author={LeVeque, Randall J},
  volume={132},
  year={1992},
  publisher={Springer}
}
@article{leveque1998balancing,
  title={Balancing source terms and flux gradients in high-resolution Godunov methods: the quasi-steady wave-propagation algorithm},
  author={LeVeque, Randall J},
  journal={Journal of computational physics},
  volume={146},
  number={1},
  pages={346--365},
  year={1998},
  publisher={Elsevier}
}
@book{leveque2002finite,
  title={Finite volume methods for hyperbolic problems},
  author={LeVeque, Randall J},
  volume={31},
  year={2002},
  publisher={Cambridge university press}
}
@article{roe1981approximate,
  title={Approximate Riemann solvers, parameter vectors, and difference schemes},
  author={Roe, Philip L},
  journal={Journal of computational physics},
  volume={43},
  number={2},
  pages={357--372},
  year={1981},
  publisher={Elsevier}
}
@article{rogers2001adaptive,
  title={Adaptive Q-tree Godunov-type scheme for shallow water equations},
  author={Rogers, Ben and Fujihara, Masayuki and Borthwick, Alistair GL},
  journal={International Journal for Numerical Methods in Fluids},
  volume={35},
  number={3},
  pages={247--280},
  year={2001},
  publisher={Wiley Online Library}
}
@article{rogers2003mathematical,
  title={Mathematical balancing of flux gradient and source terms prior to using Roe’s approximate Riemann solver},
  author={Rogers, Benedict D and Borthwick, Alistair GL and Taylor, Paul H},
  journal={Journal of Computational Physics},
  volume={192},
  number={2},
  pages={422--451},
  year={2003},
  publisher={Elsevier}
}
@incollection{sweby2001godunov,
  title={Godunov methods},
  author={Sweby, Peter K},
  booktitle={Godunov Methods: Theory and Applications},
  pages={879--898},
  year={2001},
  publisher={Springer}
}
@book{toro1999riemann,
  title={Riemann solvers and numerical methods for fluid dynamics},
  author={Toro, Eleuterio F},
  volume={16},
  year={1999},
  publisher={Springer}
}
@book{toro2001shock,
  title={Shock-capturing methods for free-surface shallow flows},
  author={Toro, Eleuterio F},
  year={2001},
  publisher={Wiley}
}
@article{toro2007godunov,
  title={Godunov-type methods for free-surface shallow flows: A review},
  author={Toro, Eleuterio F and Garcia-Navarro, Pilar},
  journal={Journal of Hydraulic Research},
  volume={45},
  number={6},
  pages={736--751},
  year={2007},
  publisher={Taylor \& Francis}
}
@book{plewa2005adaptive,
  title={Adaptive mesh refinement: theory and applications},
  author={Plewa, Thomasz and Linde, Timur and Weirs, V Gregory},
  year={2005},
  publisher={Springer}
}
@article{glimm1984generalized,
  title={A generalized Riemann problem for quasi-one-dimensional gas flows},
  author={Glimm, James and Marshall, Guillermo and Plohr, Bradley},
  journal={Advances in Applied Mathematics},
  volume={5},
  number={1},
  pages={1--30},
  year={1984},
  publisher={Elsevier}
}
@article{greenberg1996well,
  title={A well-balanced scheme for the numerical processing of source terms in hyperbolic equations},
  author={Greenberg, Joshua M and LeRoux, Alain-Yves},
  journal={SIAM Journal on Numerical Analysis},
  volume={33},
  number={1},
  pages={1--16},
  year={1996},
  publisher={SIAM}
}
@article{burguete2001efficient,
  title={Efficient construction of high-resolution TVD conservative schemes for equations with source terms: application to shallow water flows},
  author={Burguete, J and Garc{\'\i}a-Navarro, P},
  journal={International Journal for Numerical Methods in Fluids},
  volume={37},
  number={2},
  pages={209--248},
  year={2001},
  publisher={Wiley Online Library}
}
@book{zeitlin2007nonlinear,
  title={Nonlinear Dynamics of Rotating Shallow Water: Methods and Advances: Methods and Advances},
  author={Zeitlin, Vladimir},
  volume={2},
  year={2007},
  publisher={Elsevier}
}
@article{audusse2004fast,
  title={A fast and stable well-balanced scheme with hydrostatic reconstruction for shallow water flows},
  author={Audusse, Emmanuel and Bouchut, Fran{\c{c}}ois and Bristeau, Marie-Odile and Klein, Rupert and Perthame, Beno{\^\i}t},
  journal={SIAM Journal on Scientific Computing},
  volume={25},
  number={6},
  pages={2050--2065},
  year={2004},
  publisher={SIAM}
}
@book{bouchut2004nonlinear,
  title={Nonlinear Stability of Finite Volume Methods for Hyperbolic Conservation Laws: And Well-Balanced Schemes for Sources},
  author={Bouchut, Fran{\c{c}}ois},
  year={2004},
  publisher={Springer}
}
@article{garcia2000numerical,
  title={On numerical treatment of the source terms in the shallow water equations},
  author={Garcia-Navarro, Pilar and Vazquez-Cendon, Maria Elena},
  journal={Computers \& Fluids},
  volume={29},
  number={8},
  pages={951--979},
  year={2000},
  publisher={Elsevier}
}
@article{hubbard2000flux,
  title={Flux difference splitting and the balancing of source terms and flux gradients},
  author={Hubbard, Matthew E and Garcia-Navarro, Pilar},
  journal={Journal of Computational Physics},
  volume={165},
  number={1},
  pages={89--125},
  year={2000},
  publisher={Elsevier}
}
@article{gascon2001construction,
  title={Construction of second-order TVD schemes for nonhomogeneous hyperbolic conservation laws},
  author={Gasc{\'o}n, Ll and Corber{\'a}n, JM},
  journal={Journal of computational physics},
  volume={172},
  number={1},
  pages={261--297},
  year={2001},
  publisher={Elsevier}
}
@article{bale2003wave,
  title={A wave propagation method for conservation laws and balance laws with spatially varying flux functions},
  author={Bale, Derek S and LeVeque, Randall J and Mitran, Sorin and Rossmanith, James A},
  journal={SIAM Journal on Scientific Computing},
  volume={24},
  number={3},
  pages={955--978},
  year={2003},
  publisher={SIAM}
}
@article{chinnayya2004well,
  title={A well-balanced numerical scheme for the approximation of the shallow-water equations with topography: the resonance phenomenon},
  author={Chinnayya, Ashwin and LeRoux, Alain-Yves and Seguin, Nicolas},
  journal={Int. J. Finite Volumes},
  volume={1},
  pages={1--33},
  year={2004}
}
@article{liang2009adaptive,
  title={Adaptive quadtree simulation of shallow flows with wet--dry fronts over complex topography},
  author={Liang, Qiuhua and Borthwick, Alistair GL},
  journal={Computers \& Fluids},
  volume={38},
  number={2},
  pages={221--234},
  year={2009},
  publisher={Elsevier}
}
@article{liang2009numerical,
  title={Numerical resolution of well-balanced shallow water equations with complex source terms},
  author={Liang, Qiuhua and Marche, Fabien},
  journal={Advances in water resources},
  volume={32},
  number={6},
  pages={873--884},
  year={2009},
  publisher={Elsevier}
}
@article{liang2010flood,
  title={Flood simulation using a well-balanced shallow flow model},
  author={Liang, Qiuhua},
  journal={Journal of hydraulic engineering},
  volume={136},
  number={9},
  pages={669--675},
  year={2010},
  publisher={American Society of Civil Engineers}
}
@inproceedings{zhang2014well,
  title={A well-balanced numerical scheme for shallow water simulation on adaptive grids},
  author={Zhang, HJ and Zhou, JZ and Bi, S and Li, QQ and Fan, Y},
  booktitle={Journal of Physics: Conference Series},
  volume={495},
  number={1},
  pages={012049},
  year={2014},
  organization={IOP Publishing}
}
@article{runge1895numerische,
  title={{\"U}ber die numerische {A}ufl{\"o}sung von {D}ifferentialgleichungen},
  author={Runge, Carl},
  journal={Mathematische Annalen},
  volume={46},
  number={2},
  pages={167--178},
  year={1895},
  publisher={Springer}
}
@book{kutta1901beitrag,
  title={Beitrag zur naherungsweisen {I}ntegration totaler {D}ifferentialgleichungen},
  author={Kutta, Wilhelm},
  year={1901}
}
@book{kaw2009numerical,
  title={Numerical methods with applications},
  author={Kaw, Autar K and Kalu, E Eric and Besterfield, Glen},
  year={2009},
  publisher={Lulu. com}
}
@article{ambrosi1995approximation,
  title={Approximation of shallow water equations by Roe's Riemann solver},
  author={Ambrosi, D},
  journal={International journal for numerical methods in fluids},
  volume={20},
  number={2},
  pages={157--168},
  year={1995},
  publisher={Wiley Online Library}
}
@article{walters2009useful,
  title={Useful time-stepping methods for the Coriolis term in a shallow water model},
  author={Walters, Roy A and Lane, Emily M and Hanert, Emmanuel},
  journal={Ocean Modelling},
  volume={28},
  number={1},
  pages={66--74},
  year={2009},
  publisher={Elsevier}
}
@article{audusse2009conservative,
  title={Conservative discretization of Coriolis force in a finite volume framework},
  author={Audusse, E and Klein, R and Owinoh, A},
  journal={Journal of Computational Physics},
  volume={228},
  number={8},
  pages={2934--2950},
  year={2009},
  publisher={Elsevier}
}
@incollection{audusse2011preservation,
  title={Preservation of the Discrete Geostrophic Equilibrium in Shallow Water Flows},
  author={Audusse, E and Klein, R and Nguyen, DD and Vater, S},
  booktitle={Finite Volumes for Complex Applications VI Problems \& Perspectives},
  pages={59--67},
  year={2011},
  publisher={Springer}
}
@article{berger2011geoclaw,
  title={The GeoClaw software for depth-averaged flows with adaptive refinement},
  author={Berger, Marsha J and George, David L and LeVeque, Randall J and Mandli, Kyle T},
  journal={Advances in Water Resources},
  volume={34},
  number={9},
  pages={1195--1206},
  year={2011},
  publisher={Elsevier}
}
@article{esler2005steady,
  title={Steady rotating flows over a ridge},
  author={Esler, J G and Rump, O J and Johnson, E R},
  journal={Physics of Fluids (1994-present)},
  volume={17},
  number={11},
  pages={116601},
  year={2005},
  publisher={AIP Publishing}
}
@book{riley2006mathematical,
  title={Mathematical methods for physics and engineering: a comprehensive guide},
  author={Riley, Kenneth Franklin and Hobson, Michael Paul and Bence, Stephen John},
  year={2006},
  publisher={Cambridge University Press}
}
@book{press2007numerical,
  title={Numerical recipes 3rd edition: The art of scientific computing},
  author={Press, William H},
  year={2007},
  publisher={Cambridge university press}
}
@book{gill1982atmosphere,
  title={Atmosphere-ocean dynamics},
  author={Gill, Adrian E},
  volume={30},
  year={1982},
  publisher={Academic press}
}