%!TEX root = ../report.tex
% -*- coding: utf-8 -*-
@article{chertockwell,
  title={Well-Balanced Schemes for the Shallow Water Equations with Coriolis Forces},
  author={Chertock, Alina and Dudzinski, Michael and Kurganov, Alexander and Luk{\'a}cov{\'a}-Medvid’ov{\'a}, M{\'a}ria},
  year={submitted 2014}
}
@article{dellar2005shallow,
  title={Shallow water equations with a complete Coriolis force and topography},
  author={Dellar, Paul J and Salmon, Rick},
  journal={Physics of Fluids (1994-present)},
  volume={17},
  number={10},
  pages={106601},
  year={2005},
  publisher={AIP Publishing}
}
@article{godunov1959difference,
  title={A difference method for numerical calculation of discontinuous solutions of the equations of hydrodynamics},
  author={Godunov, Sergei Konstantinovich},
  journal={Matematicheskii Sbornik},
  volume={89},
  number={3},
  pages={271--306},
  year={1959},
  publisher={Russian Academy of Sciences, Branch of Mathematical Sciences}
}
@book{leveque1992numerical,
  title={Numerical methods for conservation laws},
  author={LeVeque, Randall J},
  volume={132},
  year={1992},
  publisher={Springer}
}
@article{leveque1998balancing,
  title={Balancing source terms and flux gradients in high-resolution Godunov methods: the quasi-steady wave-propagation algorithm},
  author={LeVeque, Randall J},
  journal={Journal of computational physics},
  volume={146},
  number={1},
  pages={346--365},
  year={1998},
  publisher={Elsevier}
}
@book{leveque2002finite,
  title={Finite volume methods for hyperbolic problems},
  author={LeVeque, Randall J},
  volume={31},
  year={2002},
  publisher={Cambridge university press}
}
@article{roe1981approximate,
  title={Approximate Riemann solvers, parameter vectors, and difference schemes},
  author={Roe, Philip L},
  journal={Journal of computational physics},
  volume={43},
  number={2},
  pages={357--372},
  year={1981},
  publisher={Elsevier}
}
@article{rogers2001adaptive,
  title={Adaptive Q-tree Godunov-type scheme for shallow water equations},
  author={Rogers, Ben and Fujihara, Masayuki and Borthwick, Alistair GL},
  journal={International Journal for Numerical Methods in Fluids},
  volume={35},
  number={3},
  pages={247--280},
  year={2001},
  publisher={Wiley Online Library}
}
@article{rogers2003mathematical,
  title={Mathematical balancing of flux gradient and source terms prior to using Roe’s approximate Riemann solver},
  author={Rogers, Benedict D and Borthwick, Alistair GL and Taylor, Paul H},
  journal={Journal of Computational Physics},
  volume={192},
  number={2},
  pages={422--451},
  year={2003},
  publisher={Elsevier}
}
@incollection{sweby2001godunov,
  title={Godunov methods},
  author={Sweby, Peter K},
  booktitle={Godunov Methods: Theory and Applications},
  pages={879--898},
  year={2001},
  publisher={Springer}
}
@book{toro1999riemann,
  title={Riemann solvers and numerical methods for fluid dynamics},
  author={Toro, Eleuterio F},
  volume={16},
  year={1999},
  publisher={Springer}
}
@book{toro2001shock,
  title={Shock-capturing methods for free-surface shallow flows},
  author={Toro, Eleuterio F},
  year={2001},
  publisher={Wiley}
}
@article{toro2007godunov,
  title={Godunov-type methods for free-surface shallow flows: A review},
  author={Toro, Eleuterio F and Garcia-Navarro, Pilar},
  journal={Journal of Hydraulic Research},
  volume={45},
  number={6},
  pages={736--751},
  year={2007},
  publisher={Taylor \& Francis}
}